% ....názov súboru je: literatura.bib

@INPROCEEDINGS{7926560,
  author={Alimanova, Madina and Borambayeva, Saulet and Kozhamzharova, Dinara and Kurmangaiyeva, Nurgul and Ospanova, Dinara and Tyulepberdinova, Gulnar and Gaziz, Gulnur and Kassenkhan, Aray},
  booktitle={2017 First IEEE International Conference on Robotic Computing (IRC)}, 
  title={Gamification of Hand Rehabilitation Process Using Virtual Reality Tools: Using Leap Motion for Hand Rehabilitation}, 
  year={2017},
  volume={},
  number={},
  pages={336-339},
  doi={10.1109/IRC.2017.76}}


  @INPROCEEDINGS{9483850,
  author={Luo, Zhiqiang and Durairaj, Ponraj and Lau, Cheng Mun and Katsumoto, Yuichiro and Do, Ellen Yi-Luen and Zainuddin, Ahmad Sapon Bin and Kawauchi, Kensaku},
  booktitle={2021 IEEE 7th International Conference on Virtual Reality (ICVR)}, 
  title={Gamification of Upper Limb Virtual Rehabilitation in Post Stroke Elderly Using SilverTune- A Multi-sensory Tactile Musical Assistive System}, 
  year={2021},
  volume={},
  number={},
  pages={149-155},
  doi={10.1109/ICVR51878.2021.9483850}}


  @INPROCEEDINGS{7523762,
  author={Pasqual, Thales B. and Caurin, Glauco A. P. and Siqueira, Adriano A. G.},
  booktitle={2016 6th IEEE International Conference on Biomedical Robotics and Biomechatronics (BioRob)}, 
  title={Serious game development for Ankle rehabilitation aiming at user experience}, 
  year={2016},
  volume={},
  number={},
  pages={1007-1012},
  doi={10.1109/BIOROB.2016.7523762}}

  @INPROCEEDINGS{7088817,
  author={Lipovský, Rastislav and Ferreira, Hugo Alexandre},
  booktitle={2015 IEEE 4th Portuguese Meeting on Bioengineering (ENBENG)}, 
  title={Hand therapist: A rehabilitation approach based on wearable technology and video gaming}, 
  year={2015},
  volume={},
  number={},
  pages={1-2},
  doi={10.1109/ENBENG.2015.7088817}}

  @ARTICLE{9564051,
  author={Gmez-Portes, Cristian and Carneros-Prado, D. and Albusac, Javier and Castro-Schez, José J. and Glez-Morcillo, C. and Vallejo, David},
  journal={IEEE Access}, 
  title={PhyRe Up! A System Based on Mixed Reality and Gamification to Provide Home Rehabilitation for Stroke Patients}, 
  year={2021},
  volume={9},
  number={},
  pages={139122-139137},
  doi={10.1109/ACCESS.2021.3118842}}

  @INPROCEEDINGS{8940302,
  author={Ayoubi, Farah and Chamouni, Sarah and Zein, Olfat and Sarraj, Ahmad Rifai},
  booktitle={2019 Fifth International Conference on Advances in Biomedical Engineering (ICABME)}, 
  title={Virtual Reality Movement Therapy for Post-Stroke Upper limb Rehabilitation Trial}, 
  year={2019},
  volume={},
  number={},
  pages={1-3},
  doi={10.1109/ICABME47164.2019.8940302}}